@article{liu2020smoothed,
  title={Smoothed nonparametric derivative estimation using weighted difference quotients},
  author={Liu, Yu and De Brabanter, Kris},
  journal={Journal of Machine Learning Research},
  volume={21},
  number={1},
  pages={2438--2482},
  year={2020}
}

@article{de2013derivative,
  title={Derivative estimation with local polynomial fitting},
  author={De Brabanter, Kris and De Brabanter, Joseph and Gijbels, Irene and De Moor, Bart},
  journal={Journal of Machine Learning Research},
  volume={14},
  number={1},
  pages={281--301},
  year={2013}
}

@inproceedings{liu2018derivative,
 author = {Liu, Yu and De Brabanter, Kris},
 booktitle = {Advances in Neural Information Processing Systems},
 title = {Derivative Estimation in Random Design},
 volume = {31},
 year = {2018}
}


@article{chen2017tutorial,
  title={A tutorial on kernel density estimation and recent advances},
  author={Chen, Yen-Chi},
  journal={Biostatistics \& Epidemiology},
  volume={1},
  number={1},
  pages={161--187},
  year={2017},
  publisher={Taylor \& Francis}
}

@Manual{locpol2022R,
    title = {locpol: Kernel Local Polynomial Regression},
    author = {Jorge Luis {Ojeda Cabrera}},
    year = {2022},
    note = {R package version 0.8.0 [Online; accessed 3-April-2023]},
    url = {https://CRAN.R-project.org/package=locpol}
}

@Manual{pspline2022R,
    title = {pspline: Penalized Smoothing Splines},
    author = {Jim Ramsey and Brian Ripley},
    year = {2022},
    note = {R package version 1.0-19 [Online; accessed 3-April-2023]},
    url = {https://CRAN.R-project.org/package=pspline}
}

@inproceedings{gasser1979kernel,
  title={Kernel estimation of regression functions},
  author={Gasser, Theo and M{\"u}ller, Hans-Georg},
  booktitle={Smoothing Techniques for Curve Estimation: Proceedings of a Workshop Held in Heidelberg, April 2--4, 1979},
  pages={23--68},
  year={1979},
  organization={Springer}
}

@article{mack1989derivative,
  title={Derivative estimation in nonparametric regression with random predictor variable},
  author={Mack, YP and M{\"u}ller, Hans-Georg},
  journal={Sankhy{\=a}: The Indian Journal of Statistics, Series A},
  pages={59--72},
  year={1989},
  publisher={JSTOR}
}

@article{rosenblatt1956remarks,
  title={Remarks on some nonparametric estimates of a density function},
  author={Rosenblatt, Murray},
  journal={The Annals of Mathematical Statistics},
  pages={832--837},
  year={1956},
  publisher={JSTOR}
}

@article{parzen1962estimation,
  title={On estimation of a probability density function and mode},
  author={Parzen, Emanuel},
  journal={The Annals of Mathematical Statistics},
  volume={33},
  number={3},
  pages={1065--1076},
  year={1962},
  publisher={JSTOR}
}

@article{haavelmo1947methods,
  title={Methods of measuring the marginal propensity to consume},
  author={Haavelmo, Trygve},
  journal={Journal of the American Statistical Association},
  volume={42},
  number={237},
  pages={105--122},
  year={1947},
  publisher={Taylor \& Francis}
}

@phdthesis{dang2022machine,
  author  = "Justin Dang",
  title   = "Machine Learning Estimation of Nonparametric Econometric Models and Marginal Effects",
  school  = "University of California, Riverside",
  year    = "2022"
}

@article{dang2021smoothed,
  title={Smoothed Nonparametric Derivative Estimation using Random Forest Based Weighted Difference Quotients},
  author={Dang, Justin},
  year={2021},
  url={https://economics.ucr.edu/wp-content/uploads/2021/10/JustinDangJMP.pdf}
}

@article{woltring1985optimal,
  title={On optimal smoothing and derivative estimation from noisy displacement data in biomechanics},
  author={Woltring, Herman J},
  journal={Human Movement Science},
  volume={4},
  number={3},
  pages={229--245},
  year={1985},
  publisher={Elsevier}
}

@article{chaudhuri1999sizer,
  title="{SiZer for exploration of structures in curves}",
  author={Chaudhuri, Probal and Marron, James S},
  journal={Journal of the American Statistical Association},
  volume={94},
  number={447},
  pages={807--823},
  year={1999},
  publisher={Taylor \& Francis}
}

@article{gijbels2005data,
  title={Data-driven discontinuity detection in derivatives of a regression function},
  author={Gijbels, Ir{\`e}ne and Goderniaux, A-C},
  journal={Communications in Statistics-Theory and Methods},
  volume={33},
  number={4},
  pages={851--871},
  year={2005},
  publisher={Taylor \& Francis}
}

@article{rondonotti2007sizer,
author = {Vitaliana Rondonotti and J. S. Marron and Cheolwoo Park},
title = "{SiZer for time series: A new approach to the analysis of trends}",
volume = {1},
journal = {Electronic Journal of Statistics},
number = {none},
publisher = {Institute of Mathematical Statistics and Bernoulli Society},
pages = {268 -- 289},
year = {2007}
}

@article{eubank1993confidence,
  title={Confidence bands in nonparametric regression},
  author={Eubank, Randall L and Speckman, Paul L},
  journal={Journal of the American Statistical Association},
  volume={88},
  number={424},
  pages={1287--1301},
  year={1993},
  publisher={Taylor \& Francis}
}

@article{calonico2018effect,
  title={On the effect of bias estimation on coverage accuracy in nonparametric inference},
  author={Calonico, Sebastian and Cattaneo, Matias D and Farrell, Max H},
  journal={Journal of the American Statistical Association},
  volume={113},
  number={522},
  pages={767--779},
  year={2018},
  publisher={Taylor \& Francis}
}

@article{xia1998bias,
  title={Bias-corrected confidence bands in nonparametric regression},
  author={Xia, Yingcun},
  journal={Journal of the Royal Statistical Society: Series B (Statistical Methodology)},
  volume={60},
  number={4},
  pages={797--811},
  year={1998},
  publisher={Wiley Online Library}
}

@article{cheng2019nonparametric,
author = {Gang Cheng and Yen-Chi Chen},
title = {{Nonparametric inference via bootstrapping the debiased estimator}},
volume = {13},
journal = {Electronic Journal of Statistics},
number = {1},
publisher = {Institute of Mathematical Statistics and Bernoulli Society},
pages = {2194 -- 2256},
year = {2019}
}

@article{park2008sizer,
  title="{SiZer analysis for the comparison of regression curves}",
  author={Park, Cheolwoo and Kang, Kee-Hoon},
  journal={Computational Statistics \& Data Analysis},
  volume={52},
  number={8},
  pages={3954--3970},
  year={2008},
  publisher={Elsevier}
}

@book{Mller1988NonparametricRA,
  title={Nonparametric regression analysis of longitudinal data},
  author={Hans-Georg M{\"u}ller},
  year={1988},
  publisher={Springer-Verlag}
}

@book{ramsay2002applied,
  title={Applied Functional Data Analysis: Methods and Case Studies},
  author={Ramsay, J.O. and Silverman, B.W.},
  series={Springer Series in Statistics},
  year={2002},
  publisher={Springer New York}
}

@article{belkic2018validation,
  title={Validation of reconstructed component spectra from non-parametric derivative envelopes: comparison with component lineshapes from parametric derivative estimations with the solved quantification problem},
  author={Belki{\'c}, D{\v{z}}evad and Belki{\'c}, Karen},
  journal={Journal of Mathematical Chemistry},
  volume={56},
  pages={2537--2578},
  year={2018},
  publisher={Springer}
}

@article{deboor1968splines,
title = {On uniform approximation by splines},
journal = {Journal of Approximation Theory},
volume = {1},
number = {2},
pages = {219-235},
year = {1968},
author = {Carl {de Boor}}
}

@book{hastie2009elements,
  title={The elements of statistical learning: data mining, inference, and prediction},
  author={Hastie, Trevor and Tibshirani, Robert and Friedman, Jerome H and Friedman, Jerome H},
  edition={Second},
  year={2009},
  publisher={Springer}
}

@article{zhou2000derivative,
  title={On derivative estimation in spline regression},
  author={Zhou, Shanggang and Wolfe, Douglas A},
  journal={Statistica Sinica},
  pages={93--108},
  year={2000},
  publisher={JSTOR}
}

@article{stone1985additive,
  title={Additive regression and other nonparametric models},
  author={Stone, Charles J},
  journal={The Annals of Statistics},
  volume={13},
  number={2},
  pages={689--705},
  year={1985},
  publisher={Institute of Mathematical Statistics}
}

@article{wahba1990optimal,
  title={When is the optimal regularization parameter insensitive to the choice of the loss function?},
  author={Wahba, Grace and Wang, Yonghua},
  journal={Communications in Statistics-Theory and Methods},
  volume={19},
  number={5},
  pages={1685--1700},
  year={1990},
  publisher={Taylor \& Francis}
}

@book{fan1996local,
  author={Fan, Jianqing and Gijbels, Irene},
  volume={66},
  year={1996},
  publisher = {Chapman \& Hall/CRC},
  title = {Local polynomial modelling and its applications},
}

@article{jarrow2004estimating,
  title={Estimating the interest rate term structure of corporate debt with a semiparametric penalized spline model},
  author={Jarrow, Robert and Ruppert, David and Yu, Yan},
  journal={Journal of the American Statistical Association},
  volume={99},
  number={465},
  pages={57--66},
  year={2004},
  publisher={Taylor \& Francis}
}

@article{gasser1984estimating,
  title={Estimating regression functions and their derivatives by the kernel method},
  author={Gasser, Theo and M{\"u}ller, Hans-Georg},
  journal={Scandinavian journal of statistics},
  pages={171--185},
  year={1984},
  publisher={JSTOR}
}

@article{hardle1985robust,
  title={On robust kernel estimation of derivatives of regression functions},
  author={H{\"a}rdle, Wolfgang and Gasser, Theo},
  journal={Scandinavian journal of statistics},
  pages={233--240},
  year={1985},
  publisher={JSTOR}
}

@article{muller1987bandwidth,
  title={Bandwidth choice and confidence intervals for derivatives of noisy data},
  author={M{\"u}ller, Hans-Georg and Stadtm{\"u}ller, Ulrich and Schmitt, Thomas},
  journal={Biometrika},
  volume={74},
  number={4},
  pages={743--749},
  year={1987},
  publisher={Oxford University Press}
}

@article{rice1986bandwidth,
  title={Bandwidth choice for differentiation},
  author={Rice, John A},
  journal={Journal of Multivariate Analysis},
  volume={19},
  number={2},
  pages={251--264},
  year={1986},
  publisher={Elsevier}
}

@book{rudin1976principles,
  title={Principles of mathematical analysis},
  author={Rudin, Walter and others},
  volume={3},
  year={1976},
  publisher={McGraw-hill New York}
}

@article{delecroix1996nonparametric,
  title={Nonparametric estimation of a regression function and its derivatives under an ergodic hypothesis},
  author={Delecroix, M and Rosa, AC},
  journal={Journal of Nonparametric Statistics},
  volume={6},
  number={4},
  pages={367--382},
  year={1996},
  publisher={Taylor \& Francis}
}

@book{hardle1990applied,
  title={Applied nonparametric regression},
  author={H{\"a}rdle, Wolfgang},
  number={19},
  year={1990},
  publisher={Cambridge university press}
}

@book{iserles2009first,
  title={A first course in the numerical analysis of differential equations},
  author={Iserles, Arieh},
  number={44},
  year={2009},
  publisher={Cambridge university press}
}

@article{charnigo2011generalized,
  title={A generalized $C_p$ criterion for derivative estimation},
  author={Charnigo, Richard and Hall, Benjamin and Srinivasan, Cidambi},
  journal={Technometrics},
  volume={53},
  number={3},
  pages={238--253},
  year={2011},
  publisher={Taylor \& Francis}
}

@article{wang2015derivative,
  title={Derivative estimation based on difference sequence via locally weighted least squares regression},
  author={Wang, Wen Wu and Lin, Lu},
  journal={Journal of Machine Learning Research},
  volume={16},
  number={1},
  pages={2617--2641},
  year={2015},
  publisher={JMLR. org}
}

@book{lang1968analysis,
  title={Analysis I},
  author={Lang, Serge},
  series={Addison-Wesley series in mathematics},
  year={1968},
  publisher={Addison-Wesley Publishing Company}
}

@article{dai2016optimal,
  title={Optimal estimation of derivatives in nonparametric regression},
  author={Dai, Wenlin and Tong, Tiejun and Genton, Marc G},
  journal={Journal of Machine Learning Research},
  volume={17},
  number={1},
  pages={5700--5724},
  year={2016},
  publisher={JMLR. org}
}

@article{de2018local,
  title={Local polynomial regression with correlated errors in random design and unknown correlation structure},
  author={De Brabanter, Kris and Cao, Fan and Gijbels, Ir{\`e}ne and Opsomer, Jean},
  journal={Biometrika},
  volume={105},
  number={3},
  pages={681--690},
  year={2018},
  publisher={Oxford University Press}
}

@book{casella2002statistical,
  title={Statistical Inference},
  author={Casella, G. and Berger, R.L.},
  series = {Duxbury advanced series},
  year={2002},
  edition = {2nd},
  publisher={Thomson Learning}
}

@article{sheather1991reliable,
  title={A reliable data-based bandwidth selection method for kernel density estimation},
  author={Sheather, Simon J and Jones, Michael C},
  journal={Journal of the Royal Statistical Society: Series B (Methodological)},
  volume={53},
  number={3},
  pages={683--690},
  year={1991},
  publisher={Wiley Online Library}
}

@book{wand1994kernel,
  title={Kernel smoothing},
  author={Wand, Matt P and Jones, M Chris},
  year={1994},
  publisher={CRC press}
}

@Manual{KernSmooth2021R,
    title = {KernSmooth: Functions for Kernel Smoothing Supporting Wand \& Jones (1995)},
    author = {Matt Wand},
    year = {2021},
    note = {R package version 2.23-20 [Online; accessed 3-April-2023]},
    url = {https://CRAN.R-project.org/package=KernSmooth}
}

@Manual{ks2022R,
    title = {ks: Kernel Smoothing},
    author = {Tarn Duong},
    year = {2022},
    note = {R package version 1.14.0 [Online; accessed 3-April-2023]},
    url = {https://CRAN.R-project.org/package=ks},
}

@article{opsomer2001nonparametric,
  title={Nonparametric regression with correlated errors},
  author={Opsomer, Jean and Wang, Yuedong and Yang, Yuhong},
  journal={Statistical Science},
  pages={134--153},
  year={2001},
  publisher={JSTOR}
}

@article{gorsich2000variogram,
  title={Variogram model selection via nonparametric derivative estimation},
  author={Gorsich, David J and Genton, Marc G},
  journal={Mathematical geology},
  volume={32},
  pages={249--270},
  year={2000},
  publisher={Springer}
}

@article{hall1990asymptotically,
  title={Asymptotically optimal difference-based estimation of variance in nonparametric regression},
  author={Hall, Peter and Kay, JW and Titterington, DM},
  journal={Biometrika},
  volume={77},
  number={3},
  pages={521--528},
  year={1990},
  publisher={Oxford University Press}
}

@book{wasserman2006all,
  title={All of nonparametric statistics},
  author={Wasserman, Larry},
  year={2006},
  publisher={Springer Science \& Business Media}
}

@article{hall1983large,
  title={Large sample optimality of least squares cross-validation in density estimation},
  author={Hall, Peter},
  journal={The Annals of Statistics},
  pages={1156--1174},
  year={1983},
  publisher={JSTOR}
}

@book{silverman1986density,
  title={Density estimation for statistics and data analysis},
  author={Silverman, Bernard W},
  volume={26},
  year={1986},
  publisher={CRC press}
}

@article{Einmahl2005uniform,
 author = {Uwe Einmahl and David M. Mason},
 journal = {The Annals of Statistics},
 number = {3},
 pages = {1380--1403},
 publisher = {Institute of Mathematical Statistics},
 title = {Uniform in Bandwidth Consistency of Kernel-Type Function Estimators},
 volume = {33},
 year = {2005}
}

@article{gine2002rates,
  title={Rates of strong uniform consistency for multivariate kernel density estimators},
  author={Gin{\'e}, Evarist and Guillou, Armelle},
  journal={Annales de l'Institut Henri Poincare (B) Probability and Statistics},
  volume={38},
  number={6},
  pages={907--921},
  year={2002}
}

@article{francisco2003uniform,
  title={On the uniform strong consistency of local polynomial regression under dependence conditions},
  author={Francisco-Fern{\'a}ndez, Mario and Vilar-Fern{\'a}ndez, Juan Manuel and Vilar-Fern{\'a}ndez, Jos{\'e} Antonio},
  journal={Communications in Statistics-Theory and Methods},
  volume={32},
  number={12},
  pages={2415--2440},
  year={2003},
  publisher={Taylor \& Francis}
}

@article{nolan1987uprocesses,
 author = {Deborah Nolan and David Pollard},
 journal = {The Annals of Statistics},
 number = {2},
 pages = {780--799},
 publisher = {Institute of Mathematical Statistics},
 title = {U-Processes: Rates of Convergence},
 urldate = {2023-05-20},
 volume = {15},
 year = {1987}
}

@article{masry1996multivariate,
  title={Multivariate regression estimation local polynomial fitting for time series},
  author={Masry, Elias},
  journal={Stochastic Processes and their Applications},
  volume={65},
  number={1},
  pages={81--101},
  year={1996},
  publisher={Elsevier}
}

@article{chacon2011asymptotics,
  title={Asymptotics for general multivariate kernel density derivative estimators},
  author={Chac{\'o}n, Jos{\'e} E and Duong, Tarn and Wand, MP},
  journal={Statistica Sinica},
  pages={807--840},
  year={2011},
  publisher={JSTOR}
}

@article{genovese2014nonparametric,
author = {Christopher R. Genovese and Marco Perone-Pacifico and Isabella Verdinelli and Larry Wasserman},
title = {{Nonparametric ridge estimation}},
volume = {42},
journal = {The Annals of Statistics},
number = {4},
publisher = {Institute of Mathematical Statistics},
pages = {1511 -- 1545},
year = {2014}
}

@article{nadaraya1964estimating,
  title={On estimating regression},
  author={Nadaraya, Elizbar A},
  journal={Theory of Probability \& Its Applications},
  volume={9},
  number={1},
  pages={141--142},
  year={1964},
  publisher={SIAM}
}

@article{watson1964smooth,
  title={Smooth regression analysis},
  author={Watson, Geoffrey S},
  journal={Sankhy{\=a}: The Indian Journal of Statistics, Series A},
  pages={359--372},
  year={1964},
  publisher={JSTOR}
}

@article{genest2001multivariate,
  title={On the multivariate probability integral transformation},
  author={Genest, Christian and Rivest, Louis-Paul},
  journal={Statistics \& probability letters},
  volume={53},
  number={4},
  pages={391--399},
  year={2001},
  publisher={Elsevier}
}

@book{nelsen2007introduction,
  title={An introduction to copulas},
  author={Nelsen, Roger B},
  year={2007},
  publisher={Springer science \& business media}
}

@article{reinhart2021open,
  title={An open repository of real-time COVID-19 indicators},
  author={Reinhart, Alex and Brooks, Logan and Jahja, Maria and Rumack, Aaron and Tang, Jingjing and Agrawal, Sumit and Al Saeed, Wael and Arnold, Taylor and Basu, Amartya and Bien, Jacob and others},
  journal={Proceedings of the National Academy of Sciences},
  volume={118},
  number={51},
  pages={e2111452118},
  year={2021},
  publisher={National Acad Sciences}
}

@article{stone1982optimal,
  title={Optimal global rates of convergence for nonparametric regression},
  author={Stone, Charles J},
  journal={The Annals of Statistics},
  pages={1040--1053},
  year={1982},
  publisher={JSTOR}
}

@article{stone1980optimal,
  title={Optimal rates of convergence for nonparametric estimators},
  author={Stone, Charles J},
  journal={The Annals of Statistics},
  pages={1348--1360},
  year={1980},
  publisher={JSTOR}
}